<?xml version="1.0" encoding="utf-8"?>
<record xmlns="http://www.loc.gov/MARC21/slim" xmlns:xsi="http://www.w3.org/2001/XMLSchema-instance" xsi:schemaLocation="http://www.loc.gov/MARC21/slim http://www.loc.gov/standards/marcxml/schema/MARC21slim.xsd">
	<leader>     nam a22     Mi 4500</leader>
	<controlfield tag="001">b12372377</controlfield>
	<controlfield tag="003">LeBAU</controlfield>
	<controlfield tag="006">m        d        </controlfield>
	<controlfield tag="007">cr cn |||m|||a</controlfield>
	<controlfield tag="008">200122s1954    ua      ob    ||1 0 ara d</controlfield>
	<datafield ind1=" " ind2=" " tag="040">
		<subfield code="a">ZYU</subfield>
		<subfield code="b">ara</subfield>
		<subfield code="e">rda</subfield>
		<subfield code="c">ZYU</subfield>
	</datafield>
	<datafield ind1="0" ind2=" " tag="041">
		<subfield code="a">ara</subfield>
		<subfield code="b">eng</subfield>
	</datafield>
	<datafield ind1="0" ind2="4" tag="082">
		<subfield code="a">297.207</subfield>
		<subfield code="2">20</subfield>
	</datafield>
	<datafield ind1="1" ind2=" " tag="100">
		<subfield code="6">880-01</subfield>
		<subfield code="a">Ibn ʻAṭīyah, ʻAbd al-Ḥaqq ibn Ghālib,</subfield>
		<subfield code="d">-approximately 1147,</subfield>
		<subfield code="e">author.</subfield>
	</datafield>
	<datafield ind1="1" ind2="0" tag="245">
		<subfield code="6">880-02</subfield>
		<subfield code="a">Muqaddimatān fī ʻulūm al-Qurʼān :</subfield>
		<subfield code="b">wa-humā Muqaddimat Kitāb al-Mabānī, wa-Muqaddimat Ibn ʻAṭīyah /</subfield>
		<subfield code="c">nasharahumā min al-makhṭūṭāt al-maḥfūẓah fī Dār al-Kutub bi-Barlīn, wa-Dār al-Kutub al-Miṣrīyah wa-waqafa ʻalá taṣḥīḥihimā wa-ṭabʻihimā al-ustādh al-mustashriq Jifrī Arthur.</subfield>
	</datafield>
	<datafield ind1="3" ind2=" " tag="246">
		<subfield code="6">880-03</subfield>
		<subfield code="a">Muqaddimat Ibn ʻAṭīyah</subfield>
	</datafield>
	<datafield ind1="1" ind2="5" tag="246">
		<subfield code="a">Muqaddimat Kitāb al-Mabānī</subfield>
		<subfield code="b">The Muqaddima to the Kitab al-Mabani and the Muqaddima of Ibn ʻAtiyya to his Tafsir</subfield>
	</datafield>
	<datafield ind1="3" ind2="0" tag="246">
		<subfield code="a">Muqaddima of Ibn ʻAtiyya</subfield>
	</datafield>
	<datafield ind1="3" ind2=" " tag="246">
		<subfield code="a">Two muqaddimas to the Qurʼanic sciences :</subfield>
	</datafield>
	<datafield ind1="3" ind2=" " tag="246">
		<subfield code="6">880-04</subfield>
		<subfield code="a">Muqaddima to the Kitab al-Mabani</subfield>
	</datafield>
	<datafield ind1=" " ind2="1" tag="264">
		<subfield code="6">880-05</subfield>
		<subfield code="a">Miṣr :</subfield>
		<subfield code="b">Maktabat al-Khānjī,</subfield>
		<subfield code="c">1954.</subfield>
	</datafield>
	<datafield ind1=" " ind2=" " tag="300">
		<subfield code="6">880-06</subfield>
		<subfield code="a">online resource (323 pages)</subfield>
	</datafield>
	<datafield ind1=" " ind2=" " tag="336">
		<subfield code="a">text</subfield>
		<subfield code="2">rdacontent</subfield>
	</datafield>
	<datafield ind1=" " ind2=" " tag="337">
		<subfield code="a">computer</subfield>
		<subfield code="2">rdamedia</subfield>
	</datafield>
	<datafield ind1=" " ind2=" " tag="338">
		<subfield code="a">online resource</subfield>
		<subfield code="2">rdacarrier</subfield>
	</datafield>
	<datafield ind1=" " ind2=" " tag="500">
		<subfield code="a">Part of the Arabic Collections Online (ACO) project, contributed by American University of Beirut's Jafet Memorial Library.</subfield>
	</datafield>
	<datafield ind1=" " ind2=" " tag="533">
		<subfield code="a">Electronic reproduction.</subfield>
		<subfield code="b">New York, N.Y. :</subfield>
		<subfield code="c">New York University,</subfield>
		<subfield code="d">2020.</subfield>
		<subfield code="5">NNU</subfield>
	</datafield>
	<datafield ind1="0" ind2="0" tag="630">
		<subfield code="6">880-07</subfield>
		<subfield code="a">Qurʼan</subfield>
		<subfield code="v">Early works to 1800.</subfield>
	</datafield>
	<datafield ind1="0" ind2="0" tag="630">
		<subfield code="6">880-08</subfield>
		<subfield code="a">Qur'an</subfield>
		<subfield code="x">Hermeneutics</subfield>
		<subfield code="v">Early works to 1800.</subfield>
	</datafield>
	<datafield ind1="1" ind2=" " tag="700">
		<subfield code="6">880-09</subfield>
		<subfield code="a">Jeffery, Arthur,</subfield>
		<subfield code="e">compiler.</subfield>
	</datafield>
	<datafield ind1="1" ind2="2" tag="700">
		<subfield code="6">880-10</subfield>
		<subfield code="a">Ibn ʻAṭīyah, ʻAbd al-Ḥaqq ibn Ghālib,</subfield>
		<subfield code="d">-approximately 1147.</subfield>
		<subfield code="t">Jāmiʻ al-muḥarrir al-ṣaḥīḥ al-wajīz fī tafsīr al-Qurʼān al-ʻazīz.</subfield>
		<subfield code="p">Muqaddimah.</subfield>
	</datafield>
	<datafield ind1="2" ind2=" " tag="710">
		<subfield code="a">Jafet Memorial Library.</subfield>
	</datafield>
	<datafield ind1="0" ind2=" " tag="730">
		<subfield code="a">Arabic Collections Online.</subfield>
	</datafield>
	<datafield ind1="0" ind2=" " tag="740">
		<subfield code="6">880-11</subfield>
		<subfield code="a">Kitāb al-mabānī fī naẓm al-maʻānī.</subfield>
		<subfield code="p">Muqaddimah.</subfield>
	</datafield>
	<datafield ind1="0" ind2=" " tag="740">
		<subfield code="6">880-12</subfield>
		<subfield code="a">Mabānī fī naẓm al-maʻānī.</subfield>
		<subfield code="p">Muqaddimah.</subfield>
	</datafield>
	<datafield ind1="0" ind2="8" tag="776">
		<subfield code="i">Print version:</subfield>
		<subfield code="a">Ibn ʻAṭīyah, ʻAbd al-Ḥaqq ibn Ghālib, -approximately 1147, author.</subfield>
		<subfield code="t">Muqaddimatān fī ʻulūm al-Qurʼān</subfield>
		<subfield code="w">(LeBAU)b12372377</subfield>
	</datafield>
	<datafield ind1="4" ind2="0" tag="856">
		<subfield code="u">http://hdl.handle.net/2333.1/0p2ngqcm</subfield>
	</datafield>
	<datafield ind1="1" ind2=" " tag="880">
		<subfield code="6">100-01</subfield>
		<subfield code="a">إبن عطية، عبد الحق بن غالب،</subfield>
		<subfield code="d">-حوالي 1147،</subfield>
		<subfield code="e">مؤلف.</subfield>
		<subfield code="4">aut.</subfield>
	</datafield>
	<datafield ind1="1" ind2="0" tag="880">
		<subfield code="6">245-02</subfield>
		<subfield code="a">مقدمتان في علوم القرآن :</subfield>
		<subfield code="b">وهما مقدمة كتاب المباني، ومقدمة إبن عطية /</subfield>
		<subfield code="c">نشرهما من المخطوطات المحفوظة في دار الكتب ببرلين، ودار الكتب المصرية ووقف على تصحيحهما وطبعهما الأستاذ المستشرق الدكتور أرثر چفري.</subfield>
	</datafield>
	<datafield ind1="3" ind2=" " tag="880">
		<subfield code="6">246-03</subfield>
		<subfield code="a">مقدمة إبن عطية</subfield>
	</datafield>
	<datafield ind1="3" ind2=" " tag="880">
		<subfield code="6">246-04</subfield>
		<subfield code="a">مقدمة كتاب المباني</subfield>
	</datafield>
	<datafield ind1=" " ind2="1" tag="880">
		<subfield code="6">264-05</subfield>
		<subfield code="a">مصر :</subfield>
		<subfield code="b">مكتبة الخانجي،</subfield>
		<subfield code="c">1954.</subfield>
	</datafield>
	<datafield ind1=" " ind2=" " tag="880">
		<subfield code="6">300-06</subfield>
		<subfield code="a">323 صفحة ؛</subfield>
		<subfield code="c">25 سم</subfield>
	</datafield>
	<datafield ind1=" " ind2=" " tag="880">
		<subfield code="6">500-00</subfield>
		<subfield code="a">&quot;...أما مؤلف كتاب المباني فهو غير معروف، لأن الصحيفة الأولى من النسخة الوحيدة التي بين أيدينا قد فقدت، ويذكر المؤلف في الصحيفة الثانية من المخطوطة أنه بدأفي تأليف كتابه في سنة أربعمائة وخمس وعشرين من الهجرة، وسماه كتاب المباني في نظم المعاني وهو تفسير القرآن الكريم الذي صدره بمقدمة في عشرة أبواب...أما مصنف الرسالة الثانية فهو من أهل المغرب ايضا، وهو عبد الحق بن أبي بكر بن عبد الملك الغرناطي بن عطية... وقد صنف تفسيره المسمى الجامع المحرر الصحيح الوجيز في تفسير القرآن العزيز في الأندلس، وصدره بمقدمة في علوم القرآن...&quot;--التصدير.</subfield>
	</datafield>
	<datafield ind1=" " ind2=" " tag="880">
		<subfield code="6">504-00</subfield>
		<subfield code="a">يتضمن مراجع ببليوغرافية وكشاف.</subfield>
	</datafield>
	<datafield ind1=" " ind2=" " tag="880">
		<subfield code="6">546-00</subfield>
		<subfield code="a">النص بالعربية؛ مع مقدمة بالإنجليزية.</subfield>
	</datafield>
	<datafield ind1="0" ind2="4" tag="880">
		<subfield code="6">630-07</subfield>
		<subfield code="a">قرآن</subfield>
		<subfield code="v">أعمال قديمة حتى 1800.</subfield>
	</datafield>
	<datafield ind1="0" ind2="4" tag="880">
		<subfield code="6">630-08</subfield>
		<subfield code="a">قرآن</subfield>
		<subfield code="x">تفسير وتأويل</subfield>
		<subfield code="v">اعمال قديمة حتى 1800.</subfield>
	</datafield>
	<datafield ind1="1" ind2=" " tag="880">
		<subfield code="6">700-09</subfield>
		<subfield code="a">جفري، آرثر،</subfield>
		<subfield code="e">معد.</subfield>
		<subfield code="4">com.</subfield>
	</datafield>
	<datafield ind1="1" ind2="2" tag="880">
		<subfield code="6">700-10</subfield>
		<subfield code="a">إبن عطية، عبد الحق بن غالب،</subfield>
		<subfield code="d">-حوالي 1147.</subfield>
		<subfield code="t">الجامع المحرر الصحيح الوجيز في تفسير القرآن العزيز.</subfield>
		<subfield code="p">المقدمة.</subfield>
	</datafield>
	<datafield ind1="0" ind2=" " tag="880">
		<subfield code="6">740-11</subfield>
		<subfield code="a">كتاب المباني في نظم المعاني.</subfield>
		<subfield code="p">المقدمة.</subfield>
	</datafield>
	<datafield ind1="0" ind2=" " tag="880">
		<subfield code="6">740-12</subfield>
		<subfield code="a">المباني في نظم المعاني.</subfield>
		<subfield code="p">المقدمة.</subfield>
	</datafield>
	<datafield ind1=" " ind2=" " tag="959">
		<subfield code="a">NNU</subfield>
		<subfield code="b">WEB</subfield>
		<subfield code="c">GENI</subfield>
		<subfield code="t">0</subfield>
		<subfield code="m">Electronic access</subfield>
		<subfield code="s">01</subfield>
	</datafield>
	<datafield ind1=" " ind2=" " tag="999">
		<subfield code="i">LeBAU_b12372377</subfield>
		<subfield code="s">aub_aco002405</subfield>
		<subfield code="e">(ERROR-880)(ERROR-MISC)</subfield>
		<subfield code="s">aub_aco002405</subfield>
	</datafield>
</record>
